@misc{Java:htmlunit,
title = {{HtmlUnit â€“ Welcome to HtmlUnit}},
url = {http://htmlunit.sourceforge.net/},
urldate = {2017-12-07}
}
